<?xml version='1.0' encoding='utf-8'?>
<record xmlns="http://www.loc.gov/MARC21/slim" xmlns:xsi="http://www.w3.org/2001/XMLSchema-instance">
  <leader>00000ngm^a2200277^a^4500</leader>
  <controlfield tag="001">011879596</controlfield>
  <controlfield tag="005">20121012110632.0</controlfield>
  <controlfield tag="007">vd^cgaiz|</controlfield>
  <controlfield tag="008">071101s2007^^^^miu096^^^^^^^^^^^^vueng^d</controlfield>
  <datafield tag="035" ind1=" " ind2=" ">
    <subfield code="a">(OCoLC)180190721</subfield>
  </datafield>
  <datafield tag="035" ind1=" " ind2=" ">
    <subfield code="a">(OCoLC)ocn180190721</subfield>
  </datafield>
  <datafield tag="040" ind1=" " ind2=" ">
    <subfield code="a">EZS</subfield>
    <subfield code="c">EZS</subfield>
    <subfield code="d">BEU</subfield>
    <subfield code="d">MiU-H</subfield>
  </datafield>
  <datafield tag="049" ind1=" " ind2=" ">
    <subfield code="a">BEUA</subfield>
  </datafield>
  <datafield tag="090" ind1=" " ind2=" ">
    <subfield code="a">PS3515.E37</subfield>
    <subfield code="b">Z48 2007</subfield>
  </datafield>
  <datafield tag="245" ind1="0" ind2="0">
    <subfield code="a">Ernest Hemingway</subfield>
    <subfield code="h">[videorecording] :</subfield>
    <subfield code="b">life in Michigan /</subfield>
    <subfield code="c">WCMU ; Michigan Humanities Council.</subfield>
  </datafield>
  <datafield tag="246" ind1="3" ind2="0">
    <subfield code="a">Life in Michigan</subfield>
  </datafield>
  <datafield tag="260" ind1=" " ind2=" ">
    <subfield code="a">[Mount Pleasant, Mich.] :</subfield>
    <subfield code="b">WCMU,</subfield>
    <subfield code="c">[2007].</subfield>
  </datafield>
  <datafield tag="300" ind1=" " ind2=" ">
    <subfield code="a">1 DVD :</subfield>
    <subfield code="b">sd., col. ;</subfield>
    <subfield code="c">4 3/4 in.</subfield>
  </datafield>
  <datafield tag="306" ind1=" " ind2=" ">
    <subfield code="a">013610</subfield>
  </datafield>
  <datafield tag="511" ind1="0" ind2=" ">
    <subfield code="a">Executive producer, Rick Schudiske ; narrator, writer, Sarah Adams ; featuring Michael R. Federspiel, Candace Fitzsimmons, Ernie Mainland, Ken Marek, James Sanford.</subfield>
  </datafield>
  <datafield tag="538" ind1=" " ind2=" ">
    <subfield code="a">DVD</subfield>
  </datafield>
  <datafield tag="520" ind1=" " ind2=" ">
    <subfield code="a">[The film] "takes a closer look at 'Ernie,' a boy from Oak Park, Illinois, spending his boyhood summers with his family at their cottage in Northern Michigan. Years later, Hemingway would incorporate his memories from the area into a collection of fictional stories about a boy named 'Nick Adams' who loved hunting, fishing, and friends in places like Petoskey and Horton Bay"--Case.</subfield>
  </datafield>
  <datafield tag="600" ind1="1" ind2="0">
    <subfield code="a">Hemingway, Ernest,</subfield>
    <subfield code="d">1899-1961</subfield>
    <subfield code="x">Childhood and youth.</subfield>
  </datafield>
  <datafield tag="650" ind1=" " ind2="0">
    <subfield code="a">Authors, American</subfield>
    <subfield code="y">20th century</subfield>
    <subfield code="v">Biography.</subfield>
  </datafield>
  <datafield tag="651" ind1=" " ind2="0">
    <subfield code="a">Michigan</subfield>
    <subfield code="x">Description and travel.</subfield>
  </datafield>
  <datafield tag="710" ind1="2" ind2=" ">
    <subfield code="a">WCMU (Television station : Mount Pleasant, Mich.)</subfield>
  </datafield>
  <datafield tag="710" ind1="2" ind2=" ">
    <subfield code="a">Michigan Humanities Council.</subfield>
  </datafield>
  <datafield tag="852" ind1="8" ind2=" ">
    <subfield code="a">MiU-H</subfield>
    <subfield code="b">BENT</subfield>
    <subfield code="h">2012149 Aa 2</subfield>
  </datafield>
  <datafield tag="997" ind1=" " ind2=" ">
    <subfield code="a">MARS</subfield>
  </datafield>
  <datafield tag="955" ind1=" " ind2=" ">
    <subfield code="b">BENT</subfield>
    <subfield code="p">B5665492</subfield>
  </datafield>
</record>
